@article{10.2307/279223,
  ISSN = {00027316},
  URL = {http://www.jstor.org/stable/279223},
  author = {Calvin D. Howard},
  journal = {American Antiquity},
  number = {1},
  pages = {102--104},
  publisher = {Society for American Archaeology},
  title = {The Atlatl: Function and Performance},
  volume = {39},
  year = {1974}
}
